%YAML 1.1
%TAG !u! tag:unity3d.com,2011:
--- !u!1 &7705550832960054323
GameObject:
  m_ObjectHideFlags: 0
  m_CorrespondingSourceObject: {fileID: 0}
  m_PrefabInstance: {fileID: 0}
  m_PrefabAsset: {fileID: 0}
  serializedVersion: 6
  m_Component:
  - component: {fileID: 7705550832960054332}
  - component: {fileID: 7705550832960054335}
  - component: {fileID: 7705550832960054334}
  - component: {fileID: 7705550832960054333}
  m_Layer: 0
  m_Name: Obstacle (1)
  m_TagString: Obstacle
  m_Icon: {fileID: 0}
  m_NavMeshLayer: 0
  m_StaticEditorFlags: 0
  m_IsActive: 1
--- !u!4 &7705550832960054332
Transform:
  m_ObjectHideFlags: 0
  m_CorrespondingSourceObject: {fileID: 0}
  m_PrefabInstance: {fileID: 0}
  m_PrefabAsset: {fileID: 0}
  m_GameObject: {fileID: 7705550832960054323}
  m_LocalRotation: {x: -0, y: 0.70710576, z: -0, w: 0.70710784}
  m_LocalPosition: {x: 0, y: 0, z: 6.5}
  m_LocalScale: {x: 5.5125, y: 1, z: 1}
  m_Children: []
  m_Father: {fileID: 9184731260991013534}
  m_RootOrder: 1
  m_LocalEulerAnglesHint: {x: 0, y: 90.00001, z: 0}
--- !u!33 &7705550832960054335
MeshFilter:
  m_ObjectHideFlags: 0
  m_CorrespondingSourceObject: {fileID: 0}
  m_PrefabInstance: {fileID: 0}
  m_PrefabAsset: {fileID: 0}
  m_GameObject: {fileID: 7705550832960054323}
  m_Mesh: {fileID: 10202, guid: 0000000000000000e000000000000000, type: 0}
--- !u!23 &7705550832960054334
MeshRenderer:
  m_ObjectHideFlags: 0
  m_CorrespondingSourceObject: {fileID: 0}
  m_PrefabInstance: {fileID: 0}
  m_PrefabAsset: {fileID: 0}
  m_GameObject: {fileID: 7705550832960054323}
  m_Enabled: 1
  m_CastShadows: 1
  m_ReceiveShadows: 1
  m_DynamicOccludee: 1
  m_MotionVectors: 1
  m_LightProbeUsage: 1
  m_ReflectionProbeUsage: 1
  m_RayTracingMode: 2
  m_RenderingLayerMask: 1
  m_RendererPriority: 0
  m_Materials:
  - {fileID: 2100000, guid: 9534f3ca18763044f85cf7109dabc54a, type: 2}
  m_StaticBatchInfo:
    firstSubMesh: 0
    subMeshCount: 0
  m_StaticBatchRoot: {fileID: 0}
  m_ProbeAnchor: {fileID: 0}
  m_LightProbeVolumeOverride: {fileID: 0}
  m_ScaleInLightmap: 1
  m_ReceiveGI: 1
  m_PreserveUVs: 0
  m_IgnoreNormalsForChartDetection: 0
  m_ImportantGI: 0
  m_StitchLightmapSeams: 1
  m_SelectedEditorRenderState: 3
  m_MinimumChartSize: 4
  m_AutoUVMaxDistance: 0.5
  m_AutoUVMaxAngle: 89
  m_LightmapParameters: {fileID: 0}
  m_SortingLayerID: 0
  m_SortingLayer: 0
  m_SortingOrder: 0
--- !u!65 &7705550832960054333
BoxCollider:
  m_ObjectHideFlags: 0
  m_CorrespondingSourceObject: {fileID: 0}
  m_PrefabInstance: {fileID: 0}
  m_PrefabAsset: {fileID: 0}
  m_GameObject: {fileID: 7705550832960054323}
  m_Material: {fileID: 0}
  m_IsTrigger: 1
  m_Enabled: 1
  serializedVersion: 2
  m_Size: {x: 1, y: 1, z: 1}
  m_Center: {x: 0, y: 0, z: 0}
--- !u!1 &9184731259995399848
GameObject:
  m_ObjectHideFlags: 0
  m_CorrespondingSourceObject: {fileID: 0}
  m_PrefabInstance: {fileID: 0}
  m_PrefabAsset: {fileID: 0}
  serializedVersion: 6
  m_Component:
  - component: {fileID: 9184731259995399849}
  - component: {fileID: 1579437558970862810}
  - component: {fileID: 8648603155634329269}
  m_Layer: 0
  m_Name: Map0
  m_TagString: Untagged
  m_Icon: {fileID: 0}
  m_NavMeshLayer: 0
  m_StaticEditorFlags: 0
  m_IsActive: 1
--- !u!4 &9184731259995399849
Transform:
  m_ObjectHideFlags: 0
  m_CorrespondingSourceObject: {fileID: 0}
  m_PrefabInstance: {fileID: 0}
  m_PrefabAsset: {fileID: 0}
  m_GameObject: {fileID: 9184731259995399848}
  m_LocalRotation: {x: 0, y: 0, z: 0, w: 1}
  m_LocalPosition: {x: 0, y: 0, z: 0}
  m_LocalScale: {x: 1, y: 1, z: 1}
  m_Children:
  - {fileID: 7705550833243024230}
  - {fileID: 7705550832609999018}
  - {fileID: 7705550833214605996}
  - {fileID: 7705550833975005187}
  - {fileID: 7705550833674125391}
  - {fileID: 9184731261683817036}
  - {fileID: 9160046522559536499}
  - {fileID: 9184731260991013534}
  - {fileID: 9184731261821343782}
  - {fileID: 1630950989136611033}
  m_Father: {fileID: 0}
  m_RootOrder: 0
  m_LocalEulerAnglesHint: {x: 0, y: 0, z: 0}
--- !u!114 &1579437558970862810
MonoBehaviour:
  m_ObjectHideFlags: 0
  m_CorrespondingSourceObject: {fileID: 0}
  m_PrefabInstance: {fileID: 0}
  m_PrefabAsset: {fileID: 0}
  m_GameObject: {fileID: 9184731259995399848}
  m_Enabled: 1
  m_EditorHideFlags: 0
  m_Script: {fileID: 11500000, guid: 651f1ddcb51c946a1b18be59115f9fa3, type: 3}
  m_Name: 
  m_EditorClassIdentifier: 
--- !u!114 &8648603155634329269
MonoBehaviour:
  m_ObjectHideFlags: 0
  m_CorrespondingSourceObject: {fileID: 0}
  m_PrefabInstance: {fileID: 0}
  m_PrefabAsset: {fileID: 0}
  m_GameObject: {fileID: 9184731259995399848}
  m_Enabled: 1
  m_EditorHideFlags: 0
  m_Script: {fileID: 11500000, guid: f5126d574fb283c4eb54aac9efe54150, type: 3}
  m_Name: 
  m_EditorClassIdentifier: 
  scoreToWin: 30
  ballCount: 30
  ballBonus: 10
  cameraHeight: 30
  startLaunchRate: 1
  maxLaunchRate: 0.1
  launchCurve:
    serializedVersion: 2
    m_Curve:
    - serializedVersion: 3
      time: 0
      value: 1
      inSlope: 0
      outSlope: 0
      tangentMode: 0
      weightedMode: 0
      inWeight: 0
      outWeight: 0
    - serializedVersion: 3
      time: 1
      value: 0.1
      inSlope: -1.328301
      outSlope: -1.328301
      tangentMode: 0
      weightedMode: 0
      inWeight: 0.052734375
      outWeight: 0
    m_PreInfinity: 2
    m_PostInfinity: 2
    m_RotationOrder: 4
  scoreText: {fileID: 7705550832933829916}
  ballText: {fileID: 7705550832832641302}
  anim: {fileID: 7705550832933829918}
--- !u!1 &9184731260182450748
GameObject:
  m_ObjectHideFlags: 0
  m_CorrespondingSourceObject: {fileID: 0}
  m_PrefabInstance: {fileID: 0}
  m_PrefabAsset: {fileID: 0}
  serializedVersion: 6
  m_Component:
  - component: {fileID: 9184731260182450749}
  - component: {fileID: 9184731260182450720}
  - component: {fileID: 9184731260182450723}
  - component: {fileID: 9184731260182450722}
  m_Layer: 0
  m_Name: Obstacle
  m_TagString: Obstacle
  m_Icon: {fileID: 0}
  m_NavMeshLayer: 0
  m_StaticEditorFlags: 0
  m_IsActive: 1
--- !u!4 &9184731260182450749
Transform:
  m_ObjectHideFlags: 0
  m_CorrespondingSourceObject: {fileID: 0}
  m_PrefabInstance: {fileID: 0}
  m_PrefabAsset: {fileID: 0}
  m_GameObject: {fileID: 9184731260182450748}
  m_LocalRotation: {x: -0, y: 0.70710576, z: -0, w: 0.70710784}
  m_LocalPosition: {x: 0, y: 0, z: -7.25}
  m_LocalScale: {x: 5.5125, y: 1, z: 1}
  m_Children: []
  m_Father: {fileID: 9184731260991013534}
  m_RootOrder: 0
  m_LocalEulerAnglesHint: {x: 0, y: 90.00001, z: 0}
--- !u!33 &9184731260182450720
MeshFilter:
  m_ObjectHideFlags: 0
  m_CorrespondingSourceObject: {fileID: 0}
  m_PrefabInstance: {fileID: 0}
  m_PrefabAsset: {fileID: 0}
  m_GameObject: {fileID: 9184731260182450748}
  m_Mesh: {fileID: 10202, guid: 0000000000000000e000000000000000, type: 0}
--- !u!23 &9184731260182450723
MeshRenderer:
  m_ObjectHideFlags: 0
  m_CorrespondingSourceObject: {fileID: 0}
  m_PrefabInstance: {fileID: 0}
  m_PrefabAsset: {fileID: 0}
  m_GameObject: {fileID: 9184731260182450748}
  m_Enabled: 1
  m_CastShadows: 1
  m_ReceiveShadows: 1
  m_DynamicOccludee: 1
  m_MotionVectors: 1
  m_LightProbeUsage: 1
  m_ReflectionProbeUsage: 1
  m_RayTracingMode: 2
  m_RenderingLayerMask: 1
  m_RendererPriority: 0
  m_Materials:
  - {fileID: 2100000, guid: 9534f3ca18763044f85cf7109dabc54a, type: 2}
  m_StaticBatchInfo:
    firstSubMesh: 0
    subMeshCount: 0
  m_StaticBatchRoot: {fileID: 0}
  m_ProbeAnchor: {fileID: 0}
  m_LightProbeVolumeOverride: {fileID: 0}
  m_ScaleInLightmap: 1
  m_ReceiveGI: 1
  m_PreserveUVs: 0
  m_IgnoreNormalsForChartDetection: 0
  m_ImportantGI: 0
  m_StitchLightmapSeams: 1
  m_SelectedEditorRenderState: 3
  m_MinimumChartSize: 4
  m_AutoUVMaxDistance: 0.5
  m_AutoUVMaxAngle: 89
  m_LightmapParameters: {fileID: 0}
  m_SortingLayerID: 0
  m_SortingLayer: 0
  m_SortingOrder: 0
--- !u!65 &9184731260182450722
BoxCollider:
  m_ObjectHideFlags: 0
  m_CorrespondingSourceObject: {fileID: 0}
  m_PrefabInstance: {fileID: 0}
  m_PrefabAsset: {fileID: 0}
  m_GameObject: {fileID: 9184731260182450748}
  m_Material: {fileID: 0}
  m_IsTrigger: 1
  m_Enabled: 1
  serializedVersion: 2
  m_Size: {x: 1, y: 1, z: 1}
  m_Center: {x: 0, y: 0, z: 0}
--- !u!1 &9184731260991013529
GameObject:
  m_ObjectHideFlags: 0
  m_CorrespondingSourceObject: {fileID: 0}
  m_PrefabInstance: {fileID: 0}
  m_PrefabAsset: {fileID: 0}
  serializedVersion: 6
  m_Component:
  - component: {fileID: 9184731260991013534}
  m_Layer: 0
  m_Name: Obstacles
  m_TagString: Untagged
  m_Icon: {fileID: 0}
  m_NavMeshLayer: 0
  m_StaticEditorFlags: 0
  m_IsActive: 1
--- !u!4 &9184731260991013534
Transform:
  m_ObjectHideFlags: 0
  m_CorrespondingSourceObject: {fileID: 0}
  m_PrefabInstance: {fileID: 0}
  m_PrefabAsset: {fileID: 0}
  m_GameObject: {fileID: 9184731260991013529}
  m_LocalRotation: {x: 0, y: 0, z: 0, w: 1}
  m_LocalPosition: {x: 0, y: 0, z: 0}
  m_LocalScale: {x: 1, y: 1, z: 1}
  m_Children:
  - {fileID: 9184731260182450749}
  - {fileID: 7705550832960054332}
  m_Father: {fileID: 9184731259995399849}
  m_RootOrder: 7
  m_LocalEulerAnglesHint: {x: 0, y: 0, z: 0}
--- !u!1001 &413633821858454930
PrefabInstance:
  m_ObjectHideFlags: 0
  serializedVersion: 2
  m_Modification:
    m_TransformParent: {fileID: 9184731259995399849}
    m_Modifications:
    - target: {fileID: 8021500741873022708, guid: 86a16f7f06ba8fa4ab368c13cf1222e5,
        type: 3}
      propertyPath: m_RootOrder
      value: 0
      objectReference: {fileID: 0}
    - target: {fileID: 8021500741873022708, guid: 86a16f7f06ba8fa4ab368c13cf1222e5,
        type: 3}
      propertyPath: m_LocalPosition.x
      value: 0
      objectReference: {fileID: 0}
    - target: {fileID: 8021500741873022708, guid: 86a16f7f06ba8fa4ab368c13cf1222e5,
        type: 3}
      propertyPath: m_LocalPosition.y
      value: 0
      objectReference: {fileID: 0}
    - target: {fileID: 8021500741873022708, guid: 86a16f7f06ba8fa4ab368c13cf1222e5,
        type: 3}
      propertyPath: m_LocalPosition.z
      value: 0
      objectReference: {fileID: 0}
    - target: {fileID: 8021500741873022708, guid: 86a16f7f06ba8fa4ab368c13cf1222e5,
        type: 3}
      propertyPath: m_LocalRotation.w
      value: 1
      objectReference: {fileID: 0}
    - target: {fileID: 8021500741873022708, guid: 86a16f7f06ba8fa4ab368c13cf1222e5,
        type: 3}
      propertyPath: m_LocalRotation.x
      value: -0
      objectReference: {fileID: 0}
    - target: {fileID: 8021500741873022708, guid: 86a16f7f06ba8fa4ab368c13cf1222e5,
        type: 3}
      propertyPath: m_LocalRotation.y
      value: -0
      objectReference: {fileID: 0}
    - target: {fileID: 8021500741873022708, guid: 86a16f7f06ba8fa4ab368c13cf1222e5,
        type: 3}
      propertyPath: m_LocalRotation.z
      value: -0
      objectReference: {fileID: 0}
    - target: {fileID: 8021500741873022708, guid: 86a16f7f06ba8fa4ab368c13cf1222e5,
        type: 3}
      propertyPath: m_LocalEulerAnglesHint.x
      value: 0
      objectReference: {fileID: 0}
    - target: {fileID: 8021500741873022708, guid: 86a16f7f06ba8fa4ab368c13cf1222e5,
        type: 3}
      propertyPath: m_LocalEulerAnglesHint.y
      value: 0
      objectReference: {fileID: 0}
    - target: {fileID: 8021500741873022708, guid: 86a16f7f06ba8fa4ab368c13cf1222e5,
        type: 3}
      propertyPath: m_LocalEulerAnglesHint.z
      value: 0
      objectReference: {fileID: 0}
    - target: {fileID: 8021500741873022711, guid: 86a16f7f06ba8fa4ab368c13cf1222e5,
        type: 3}
      propertyPath: m_Name
      value: BaseLevel
      objectReference: {fileID: 0}
    m_RemovedComponents: []
  m_SourcePrefab: {fileID: 100100000, guid: 86a16f7f06ba8fa4ab368c13cf1222e5, type: 3}
--- !u!4 &7705550833243024230 stripped
Transform:
  m_CorrespondingSourceObject: {fileID: 8021500741873022708, guid: 86a16f7f06ba8fa4ab368c13cf1222e5,
    type: 3}
  m_PrefabInstance: {fileID: 413633821858454930}
  m_PrefabAsset: {fileID: 0}
--- !u!1001 &731523173306972583
PrefabInstance:
  m_ObjectHideFlags: 0
  serializedVersion: 2
  m_Modification:
    m_TransformParent: {fileID: 9184731259995399849}
    m_Modifications:
    - target: {fileID: 8447030743461995732, guid: 08ad34f5b27e1bf49b71c77143593996,
        type: 3}
      propertyPath: m_RootOrder
      value: 6
      objectReference: {fileID: 0}
    - target: {fileID: 8447030743461995732, guid: 08ad34f5b27e1bf49b71c77143593996,
        type: 3}
      propertyPath: m_LocalPosition.x
      value: 0.03
      objectReference: {fileID: 0}
    - target: {fileID: 8447030743461995732, guid: 08ad34f5b27e1bf49b71c77143593996,
        type: 3}
      propertyPath: m_LocalPosition.y
      value: 0
      objectReference: {fileID: 0}
    - target: {fileID: 8447030743461995732, guid: 08ad34f5b27e1bf49b71c77143593996,
        type: 3}
      propertyPath: m_LocalPosition.z
      value: 15.84
      objectReference: {fileID: 0}
    - target: {fileID: 8447030743461995732, guid: 08ad34f5b27e1bf49b71c77143593996,
        type: 3}
      propertyPath: m_LocalRotation.w
      value: 1
      objectReference: {fileID: 0}
    - target: {fileID: 8447030743461995732, guid: 08ad34f5b27e1bf49b71c77143593996,
        type: 3}
      propertyPath: m_LocalRotation.x
      value: -0
      objectReference: {fileID: 0}
    - target: {fileID: 8447030743461995732, guid: 08ad34f5b27e1bf49b71c77143593996,
        type: 3}
      propertyPath: m_LocalRotation.y
      value: 0.00000037252897
      objectReference: {fileID: 0}
    - target: {fileID: 8447030743461995732, guid: 08ad34f5b27e1bf49b71c77143593996,
        type: 3}
      propertyPath: m_LocalRotation.z
      value: -0
      objectReference: {fileID: 0}
    - target: {fileID: 8447030743461995732, guid: 08ad34f5b27e1bf49b71c77143593996,
        type: 3}
      propertyPath: m_LocalEulerAnglesHint.x
      value: 0
      objectReference: {fileID: 0}
    - target: {fileID: 8447030743461995732, guid: 08ad34f5b27e1bf49b71c77143593996,
        type: 3}
      propertyPath: m_LocalEulerAnglesHint.y
      value: 0
      objectReference: {fileID: 0}
    - target: {fileID: 8447030743461995732, guid: 08ad34f5b27e1bf49b71c77143593996,
        type: 3}
      propertyPath: m_LocalEulerAnglesHint.z
      value: 0
      objectReference: {fileID: 0}
    - target: {fileID: 8447030743461995735, guid: 08ad34f5b27e1bf49b71c77143593996,
        type: 3}
      propertyPath: m_Name
      value: Goal
      objectReference: {fileID: 0}
    m_RemovedComponents: []
  m_SourcePrefab: {fileID: 100100000, guid: 08ad34f5b27e1bf49b71c77143593996, type: 3}
--- !u!4 &9160046522559536499 stripped
Transform:
  m_CorrespondingSourceObject: {fileID: 8447030743461995732, guid: 08ad34f5b27e1bf49b71c77143593996,
    type: 3}
  m_PrefabInstance: {fileID: 731523173306972583}
  m_PrefabAsset: {fileID: 0}
--- !u!1001 &1286194303343588454
PrefabInstance:
  m_ObjectHideFlags: 0
  serializedVersion: 2
  m_Modification:
    m_TransformParent: {fileID: 9184731259995399849}
    m_Modifications:
    - target: {fileID: 8878538045706953829, guid: 4d110bf98c1d8a44ca8332b7d997ec63,
        type: 3}
      propertyPath: m_RootOrder
      value: 3
      objectReference: {fileID: 0}
    - target: {fileID: 8878538045706953829, guid: 4d110bf98c1d8a44ca8332b7d997ec63,
        type: 3}
      propertyPath: m_LocalPosition.x
      value: 0
      objectReference: {fileID: 0}
    - target: {fileID: 8878538045706953829, guid: 4d110bf98c1d8a44ca8332b7d997ec63,
        type: 3}
      propertyPath: m_LocalPosition.y
      value: 0
      objectReference: {fileID: 0}
    - target: {fileID: 8878538045706953829, guid: 4d110bf98c1d8a44ca8332b7d997ec63,
        type: 3}
      propertyPath: m_LocalPosition.z
      value: 0
      objectReference: {fileID: 0}
    - target: {fileID: 8878538045706953829, guid: 4d110bf98c1d8a44ca8332b7d997ec63,
        type: 3}
      propertyPath: m_LocalRotation.w
      value: 1
      objectReference: {fileID: 0}
    - target: {fileID: 8878538045706953829, guid: 4d110bf98c1d8a44ca8332b7d997ec63,
        type: 3}
      propertyPath: m_LocalRotation.x
      value: -0
      objectReference: {fileID: 0}
    - target: {fileID: 8878538045706953829, guid: 4d110bf98c1d8a44ca8332b7d997ec63,
        type: 3}
      propertyPath: m_LocalRotation.y
      value: -0
      objectReference: {fileID: 0}
    - target: {fileID: 8878538045706953829, guid: 4d110bf98c1d8a44ca8332b7d997ec63,
        type: 3}
      propertyPath: m_LocalRotation.z
      value: -0
      objectReference: {fileID: 0}
    - target: {fileID: 8878538045706953829, guid: 4d110bf98c1d8a44ca8332b7d997ec63,
        type: 3}
      propertyPath: m_LocalEulerAnglesHint.x
      value: 0
      objectReference: {fileID: 0}
    - target: {fileID: 8878538045706953829, guid: 4d110bf98c1d8a44ca8332b7d997ec63,
        type: 3}
      propertyPath: m_LocalEulerAnglesHint.y
      value: 0
      objectReference: {fileID: 0}
    - target: {fileID: 8878538045706953829, guid: 4d110bf98c1d8a44ca8332b7d997ec63,
        type: 3}
      propertyPath: m_LocalEulerAnglesHint.z
      value: 0
      objectReference: {fileID: 0}
    - target: {fileID: 8878538045706953831, guid: 4d110bf98c1d8a44ca8332b7d997ec63,
        type: 3}
      propertyPath: m_Name
      value: Drawer
      objectReference: {fileID: 0}
    m_RemovedComponents: []
  m_SourcePrefab: {fileID: 100100000, guid: 4d110bf98c1d8a44ca8332b7d997ec63, type: 3}
--- !u!4 &7705550833975005187 stripped
Transform:
  m_CorrespondingSourceObject: {fileID: 8878538045706953829, guid: 4d110bf98c1d8a44ca8332b7d997ec63,
    type: 3}
  m_PrefabInstance: {fileID: 1286194303343588454}
  m_PrefabAsset: {fileID: 0}
--- !u!1001 &1630950989405670370
PrefabInstance:
  m_ObjectHideFlags: 0
  serializedVersion: 2
  m_Modification:
    m_TransformParent: {fileID: 9184731259995399849}
    m_Modifications:
    - target: {fileID: 7625989603405697985, guid: 2e170b5b34ee006459380a212bb89121,
        type: 3}
      propertyPath: m_Name
      value: Multiplier
      objectReference: {fileID: 0}
    - target: {fileID: 7625989603405697988, guid: 2e170b5b34ee006459380a212bb89121,
        type: 3}
      propertyPath: m_RootOrder
      value: 8
      objectReference: {fileID: 0}
    - target: {fileID: 7625989603405697988, guid: 2e170b5b34ee006459380a212bb89121,
        type: 3}
      propertyPath: m_LocalPosition.x
      value: 0
      objectReference: {fileID: 0}
    - target: {fileID: 7625989603405697988, guid: 2e170b5b34ee006459380a212bb89121,
        type: 3}
      propertyPath: m_LocalPosition.y
      value: 0
      objectReference: {fileID: 0}
    - target: {fileID: 7625989603405697988, guid: 2e170b5b34ee006459380a212bb89121,
        type: 3}
      propertyPath: m_LocalPosition.z
      value: -0.48
      objectReference: {fileID: 0}
    - target: {fileID: 7625989603405697988, guid: 2e170b5b34ee006459380a212bb89121,
        type: 3}
      propertyPath: m_LocalRotation.w
      value: 1
      objectReference: {fileID: 0}
    - target: {fileID: 7625989603405697988, guid: 2e170b5b34ee006459380a212bb89121,
        type: 3}
      propertyPath: m_LocalRotation.x
      value: -0
      objectReference: {fileID: 0}
    - target: {fileID: 7625989603405697988, guid: 2e170b5b34ee006459380a212bb89121,
        type: 3}
      propertyPath: m_LocalRotation.y
      value: -0
      objectReference: {fileID: 0}
    - target: {fileID: 7625989603405697988, guid: 2e170b5b34ee006459380a212bb89121,
        type: 3}
      propertyPath: m_LocalRotation.z
      value: -0
      objectReference: {fileID: 0}
    - target: {fileID: 7625989603405697988, guid: 2e170b5b34ee006459380a212bb89121,
        type: 3}
      propertyPath: m_LocalEulerAnglesHint.x
      value: 0
      objectReference: {fileID: 0}
    - target: {fileID: 7625989603405697988, guid: 2e170b5b34ee006459380a212bb89121,
        type: 3}
      propertyPath: m_LocalEulerAnglesHint.y
      value: 0
      objectReference: {fileID: 0}
    - target: {fileID: 7625989603405697988, guid: 2e170b5b34ee006459380a212bb89121,
        type: 3}
      propertyPath: m_LocalEulerAnglesHint.z
      value: 0
      objectReference: {fileID: 0}
    m_RemovedComponents: []
  m_SourcePrefab: {fileID: 100100000, guid: 2e170b5b34ee006459380a212bb89121, type: 3}
--- !u!4 &9184731261821343782 stripped
Transform:
  m_CorrespondingSourceObject: {fileID: 7625989603405697988, guid: 2e170b5b34ee006459380a212bb89121,
    type: 3}
  m_PrefabInstance: {fileID: 1630950989405670370}
  m_PrefabAsset: {fileID: 0}
--- !u!1001 &2302403075174238446
PrefabInstance:
  m_ObjectHideFlags: 0
  serializedVersion: 2
  m_Modification:
    m_TransformParent: {fileID: 9184731259995399849}
    m_Modifications:
    - target: {fileID: 8438719641622135362, guid: bb9383af9fb38c3458f44bc2984e8e8f,
        type: 3}
      propertyPath: m_RootOrder
      value: 2
      objectReference: {fileID: 0}
    - target: {fileID: 8438719641622135362, guid: bb9383af9fb38c3458f44bc2984e8e8f,
        type: 3}
      propertyPath: m_LocalPosition.x
      value: 0
      objectReference: {fileID: 0}
    - target: {fileID: 8438719641622135362, guid: bb9383af9fb38c3458f44bc2984e8e8f,
        type: 3}
      propertyPath: m_LocalPosition.y
      value: 0
      objectReference: {fileID: 0}
    - target: {fileID: 8438719641622135362, guid: bb9383af9fb38c3458f44bc2984e8e8f,
        type: 3}
      propertyPath: m_LocalPosition.z
      value: 0
      objectReference: {fileID: 0}
    - target: {fileID: 8438719641622135362, guid: bb9383af9fb38c3458f44bc2984e8e8f,
        type: 3}
      propertyPath: m_LocalRotation.w
      value: 1
      objectReference: {fileID: 0}
    - target: {fileID: 8438719641622135362, guid: bb9383af9fb38c3458f44bc2984e8e8f,
        type: 3}
      propertyPath: m_LocalRotation.x
      value: -0
      objectReference: {fileID: 0}
    - target: {fileID: 8438719641622135362, guid: bb9383af9fb38c3458f44bc2984e8e8f,
        type: 3}
      propertyPath: m_LocalRotation.y
      value: -0
      objectReference: {fileID: 0}
    - target: {fileID: 8438719641622135362, guid: bb9383af9fb38c3458f44bc2984e8e8f,
        type: 3}
      propertyPath: m_LocalRotation.z
      value: -0
      objectReference: {fileID: 0}
    - target: {fileID: 8438719641622135362, guid: bb9383af9fb38c3458f44bc2984e8e8f,
        type: 3}
      propertyPath: m_LocalEulerAnglesHint.x
      value: 0
      objectReference: {fileID: 0}
    - target: {fileID: 8438719641622135362, guid: bb9383af9fb38c3458f44bc2984e8e8f,
        type: 3}
      propertyPath: m_LocalEulerAnglesHint.y
      value: 0
      objectReference: {fileID: 0}
    - target: {fileID: 8438719641622135362, guid: bb9383af9fb38c3458f44bc2984e8e8f,
        type: 3}
      propertyPath: m_LocalEulerAnglesHint.z
      value: 0
      objectReference: {fileID: 0}
    - target: {fileID: 8438719641622135372, guid: bb9383af9fb38c3458f44bc2984e8e8f,
        type: 3}
      propertyPath: m_Name
      value: GamePool
      objectReference: {fileID: 0}
    m_RemovedComponents: []
  m_SourcePrefab: {fileID: 100100000, guid: bb9383af9fb38c3458f44bc2984e8e8f, type: 3}
--- !u!4 &7705550833214605996 stripped
Transform:
  m_CorrespondingSourceObject: {fileID: 8438719641622135362, guid: bb9383af9fb38c3458f44bc2984e8e8f,
    type: 3}
  m_PrefabInstance: {fileID: 2302403075174238446}
  m_PrefabAsset: {fileID: 0}
--- !u!1001 &2303738060909540187
PrefabInstance:
  m_ObjectHideFlags: 0
  serializedVersion: 2
  m_Modification:
    m_TransformParent: {fileID: 9184731259995399849}
    m_Modifications:
    - target: {fileID: 8437238986037261076, guid: 1d1674fecc603a744a00083dab0a6e4c,
        type: 3}
      propertyPath: m_Pivot.x
      value: 0
      objectReference: {fileID: 0}
    - target: {fileID: 8437238986037261076, guid: 1d1674fecc603a744a00083dab0a6e4c,
        type: 3}
      propertyPath: m_Pivot.y
      value: 0
      objectReference: {fileID: 0}
    - target: {fileID: 8437238986037261076, guid: 1d1674fecc603a744a00083dab0a6e4c,
        type: 3}
      propertyPath: m_RootOrder
      value: 4
      objectReference: {fileID: 0}
    - target: {fileID: 8437238986037261076, guid: 1d1674fecc603a744a00083dab0a6e4c,
        type: 3}
      propertyPath: m_AnchorMax.x
      value: 0
      objectReference: {fileID: 0}
    - target: {fileID: 8437238986037261076, guid: 1d1674fecc603a744a00083dab0a6e4c,
        type: 3}
      propertyPath: m_AnchorMax.y
      value: 0
      objectReference: {fileID: 0}
    - target: {fileID: 8437238986037261076, guid: 1d1674fecc603a744a00083dab0a6e4c,
        type: 3}
      propertyPath: m_AnchorMin.x
      value: 0
      objectReference: {fileID: 0}
    - target: {fileID: 8437238986037261076, guid: 1d1674fecc603a744a00083dab0a6e4c,
        type: 3}
      propertyPath: m_AnchorMin.y
      value: 0
      objectReference: {fileID: 0}
    - target: {fileID: 8437238986037261076, guid: 1d1674fecc603a744a00083dab0a6e4c,
        type: 3}
      propertyPath: m_SizeDelta.x
      value: 0
      objectReference: {fileID: 0}
    - target: {fileID: 8437238986037261076, guid: 1d1674fecc603a744a00083dab0a6e4c,
        type: 3}
      propertyPath: m_SizeDelta.y
      value: 0
      objectReference: {fileID: 0}
    - target: {fileID: 8437238986037261076, guid: 1d1674fecc603a744a00083dab0a6e4c,
        type: 3}
      propertyPath: m_LocalPosition.x
      value: 0
      objectReference: {fileID: 0}
    - target: {fileID: 8437238986037261076, guid: 1d1674fecc603a744a00083dab0a6e4c,
        type: 3}
      propertyPath: m_LocalPosition.y
      value: 0
      objectReference: {fileID: 0}
    - target: {fileID: 8437238986037261076, guid: 1d1674fecc603a744a00083dab0a6e4c,
        type: 3}
      propertyPath: m_LocalPosition.z
      value: 0
      objectReference: {fileID: 0}
    - target: {fileID: 8437238986037261076, guid: 1d1674fecc603a744a00083dab0a6e4c,
        type: 3}
      propertyPath: m_LocalRotation.w
      value: 1
      objectReference: {fileID: 0}
    - target: {fileID: 8437238986037261076, guid: 1d1674fecc603a744a00083dab0a6e4c,
        type: 3}
      propertyPath: m_LocalRotation.x
      value: 0
      objectReference: {fileID: 0}
    - target: {fileID: 8437238986037261076, guid: 1d1674fecc603a744a00083dab0a6e4c,
        type: 3}
      propertyPath: m_LocalRotation.y
      value: 0
      objectReference: {fileID: 0}
    - target: {fileID: 8437238986037261076, guid: 1d1674fecc603a744a00083dab0a6e4c,
        type: 3}
      propertyPath: m_LocalRotation.z
      value: 0
      objectReference: {fileID: 0}
    - target: {fileID: 8437238986037261076, guid: 1d1674fecc603a744a00083dab0a6e4c,
        type: 3}
      propertyPath: m_AnchoredPosition.x
      value: 0
      objectReference: {fileID: 0}
    - target: {fileID: 8437238986037261076, guid: 1d1674fecc603a744a00083dab0a6e4c,
        type: 3}
      propertyPath: m_AnchoredPosition.y
      value: 0
      objectReference: {fileID: 0}
    - target: {fileID: 8437238986037261076, guid: 1d1674fecc603a744a00083dab0a6e4c,
        type: 3}
      propertyPath: m_LocalEulerAnglesHint.x
      value: 0
      objectReference: {fileID: 0}
    - target: {fileID: 8437238986037261076, guid: 1d1674fecc603a744a00083dab0a6e4c,
        type: 3}
      propertyPath: m_LocalEulerAnglesHint.y
      value: 0
      objectReference: {fileID: 0}
    - target: {fileID: 8437238986037261076, guid: 1d1674fecc603a744a00083dab0a6e4c,
        type: 3}
      propertyPath: m_LocalEulerAnglesHint.z
      value: 0
      objectReference: {fileID: 0}
    - target: {fileID: 8437238986037261080, guid: 1d1674fecc603a744a00083dab0a6e4c,
        type: 3}
      propertyPath: m_Name
      value: UI
      objectReference: {fileID: 0}
    m_RemovedComponents: []
  m_SourcePrefab: {fileID: 100100000, guid: 1d1674fecc603a744a00083dab0a6e4c, type: 3}
--- !u!224 &7705550833674125391 stripped
RectTransform:
  m_CorrespondingSourceObject: {fileID: 8437238986037261076, guid: 1d1674fecc603a744a00083dab0a6e4c,
    type: 3}
  m_PrefabInstance: {fileID: 2303738060909540187}
  m_PrefabAsset: {fileID: 0}
--- !u!114 &7705550832933829916 stripped
MonoBehaviour:
  m_CorrespondingSourceObject: {fileID: 8437238985565343303, guid: 1d1674fecc603a744a00083dab0a6e4c,
    type: 3}
  m_PrefabInstance: {fileID: 2303738060909540187}
  m_PrefabAsset: {fileID: 0}
  m_GameObject: {fileID: 0}
  m_Enabled: 1
  m_EditorHideFlags: 0
  m_Script: {fileID: 11500000, guid: f4688fdb7df04437aeb418b961361dc5, type: 3}
  m_Name: 
  m_EditorClassIdentifier: 
--- !u!114 &7705550832933829918 stripped
MonoBehaviour:
  m_CorrespondingSourceObject: {fileID: 8437238985565343301, guid: 1d1674fecc603a744a00083dab0a6e4c,
    type: 3}
  m_PrefabInstance: {fileID: 2303738060909540187}
  m_PrefabAsset: {fileID: 0}
  m_GameObject: {fileID: 0}
  m_Enabled: 1
  m_EditorHideFlags: 0
  m_Script: {fileID: 11500000, guid: 4d0390bd8b8ffd640b34fe25065ff1df, type: 3}
  m_Name: 
  m_EditorClassIdentifier: 
--- !u!114 &7705550832832641302 stripped
MonoBehaviour:
  m_CorrespondingSourceObject: {fileID: 8437238985196767821, guid: 1d1674fecc603a744a00083dab0a6e4c,
    type: 3}
  m_PrefabInstance: {fileID: 2303738060909540187}
  m_PrefabAsset: {fileID: 0}
  m_GameObject: {fileID: 0}
  m_Enabled: 1
  m_EditorHideFlags: 0
  m_Script: {fileID: 11500000, guid: f4688fdb7df04437aeb418b961361dc5, type: 3}
  m_Name: 
  m_EditorClassIdentifier: 
--- !u!1001 &4430570172900846753
PrefabInstance:
  m_ObjectHideFlags: 0
  serializedVersion: 2
  m_Modification:
    m_TransformParent: {fileID: 9184731259995399849}
    m_Modifications:
    - target: {fileID: 6310406954990507017, guid: d5500de3e9968c3489f186b792d25860,
        type: 3}
      propertyPath: m_Name
      value: Boundary
      objectReference: {fileID: 0}
    - target: {fileID: 6310406954990507019, guid: d5500de3e9968c3489f186b792d25860,
        type: 3}
      propertyPath: m_RootOrder
      value: 1
      objectReference: {fileID: 0}
    - target: {fileID: 6310406954990507019, guid: d5500de3e9968c3489f186b792d25860,
        type: 3}
      propertyPath: m_LocalPosition.x
      value: 0
      objectReference: {fileID: 0}
    - target: {fileID: 6310406954990507019, guid: d5500de3e9968c3489f186b792d25860,
        type: 3}
      propertyPath: m_LocalPosition.y
      value: 1
      objectReference: {fileID: 0}
    - target: {fileID: 6310406954990507019, guid: d5500de3e9968c3489f186b792d25860,
        type: 3}
      propertyPath: m_LocalPosition.z
      value: 0
      objectReference: {fileID: 0}
    - target: {fileID: 6310406954990507019, guid: d5500de3e9968c3489f186b792d25860,
        type: 3}
      propertyPath: m_LocalRotation.w
      value: 1
      objectReference: {fileID: 0}
    - target: {fileID: 6310406954990507019, guid: d5500de3e9968c3489f186b792d25860,
        type: 3}
      propertyPath: m_LocalRotation.x
      value: -0
      objectReference: {fileID: 0}
    - target: {fileID: 6310406954990507019, guid: d5500de3e9968c3489f186b792d25860,
        type: 3}
      propertyPath: m_LocalRotation.y
      value: -0
      objectReference: {fileID: 0}
    - target: {fileID: 6310406954990507019, guid: d5500de3e9968c3489f186b792d25860,
        type: 3}
      propertyPath: m_LocalRotation.z
      value: -0
      objectReference: {fileID: 0}
    - target: {fileID: 6310406954990507019, guid: d5500de3e9968c3489f186b792d25860,
        type: 3}
      propertyPath: m_LocalEulerAnglesHint.x
      value: 0
      objectReference: {fileID: 0}
    - target: {fileID: 6310406954990507019, guid: d5500de3e9968c3489f186b792d25860,
        type: 3}
      propertyPath: m_LocalEulerAnglesHint.y
      value: 0
      objectReference: {fileID: 0}
    - target: {fileID: 6310406954990507019, guid: d5500de3e9968c3489f186b792d25860,
        type: 3}
      propertyPath: m_LocalEulerAnglesHint.z
      value: 0
      objectReference: {fileID: 0}
    m_RemovedComponents: []
  m_SourcePrefab: {fileID: 100100000, guid: d5500de3e9968c3489f186b792d25860, type: 3}
--- !u!4 &7705550832609999018 stripped
Transform:
  m_CorrespondingSourceObject: {fileID: 6310406954990507019, guid: d5500de3e9968c3489f186b792d25860,
    type: 3}
  m_PrefabInstance: {fileID: 4430570172900846753}
  m_PrefabAsset: {fileID: 0}
--- !u!1001 &6351770457372821683
PrefabInstance:
  m_ObjectHideFlags: 0
  serializedVersion: 2
  m_Modification:
    m_TransformParent: {fileID: 9184731259995399849}
    m_Modifications:
    - target: {fileID: 2832973041092383485, guid: 419cc14a2ce7d7f4dbf1b671b43d19ae,
        type: 3}
      propertyPath: m_Name
      value: Cannon
      objectReference: {fileID: 0}
    - target: {fileID: 2832973041092383487, guid: 419cc14a2ce7d7f4dbf1b671b43d19ae,
        type: 3}
      propertyPath: m_RootOrder
      value: 5
      objectReference: {fileID: 0}
    - target: {fileID: 2832973041092383487, guid: 419cc14a2ce7d7f4dbf1b671b43d19ae,
        type: 3}
      propertyPath: m_LocalPosition.x
      value: 0
      objectReference: {fileID: 0}
    - target: {fileID: 2832973041092383487, guid: 419cc14a2ce7d7f4dbf1b671b43d19ae,
        type: 3}
      propertyPath: m_LocalPosition.y
      value: 0
      objectReference: {fileID: 0}
    - target: {fileID: 2832973041092383487, guid: 419cc14a2ce7d7f4dbf1b671b43d19ae,
        type: 3}
      propertyPath: m_LocalPosition.z
      value: -19
      objectReference: {fileID: 0}
    - target: {fileID: 2832973041092383487, guid: 419cc14a2ce7d7f4dbf1b671b43d19ae,
        type: 3}
      propertyPath: m_LocalRotation.w
      value: 0.953717
      objectReference: {fileID: 0}
    - target: {fileID: 2832973041092383487, guid: 419cc14a2ce7d7f4dbf1b671b43d19ae,
        type: 3}
      propertyPath: m_LocalRotation.x
      value: 0
      objectReference: {fileID: 0}
    - target: {fileID: 2832973041092383487, guid: 419cc14a2ce7d7f4dbf1b671b43d19ae,
        type: 3}
      propertyPath: m_LocalRotation.y
      value: 0.30070576
      objectReference: {fileID: 0}
    - target: {fileID: 2832973041092383487, guid: 419cc14a2ce7d7f4dbf1b671b43d19ae,
        type: 3}
      propertyPath: m_LocalRotation.z
      value: 0
      objectReference: {fileID: 0}
    - target: {fileID: 2832973041092383487, guid: 419cc14a2ce7d7f4dbf1b671b43d19ae,
        type: 3}
      propertyPath: m_LocalEulerAnglesHint.x
      value: 0
      objectReference: {fileID: 0}
    - target: {fileID: 2832973041092383487, guid: 419cc14a2ce7d7f4dbf1b671b43d19ae,
        type: 3}
      propertyPath: m_LocalEulerAnglesHint.y
      value: 35
      objectReference: {fileID: 0}
    - target: {fileID: 2832973041092383487, guid: 419cc14a2ce7d7f4dbf1b671b43d19ae,
        type: 3}
      propertyPath: m_LocalEulerAnglesHint.z
      value: 0
      objectReference: {fileID: 0}
    m_RemovedComponents: []
  m_SourcePrefab: {fileID: 100100000, guid: 419cc14a2ce7d7f4dbf1b671b43d19ae, type: 3}
--- !u!4 &9184731261683817036 stripped
Transform:
  m_CorrespondingSourceObject: {fileID: 2832973041092383487, guid: 419cc14a2ce7d7f4dbf1b671b43d19ae,
    type: 3}
  m_PrefabInstance: {fileID: 6351770457372821683}
  m_PrefabAsset: {fileID: 0}
--- !u!1001 &9184731261017445661
PrefabInstance:
  m_ObjectHideFlags: 0
  serializedVersion: 2
  m_Modification:
    m_TransformParent: {fileID: 9184731259995399849}
    m_Modifications:
    - target: {fileID: 7625989603405697985, guid: 2e170b5b34ee006459380a212bb89121,
        type: 3}
      propertyPath: m_Name
      value: Multiplier (1)
      objectReference: {fileID: 0}
    - target: {fileID: 7625989603405697985, guid: 2e170b5b34ee006459380a212bb89121,
        type: 3}
      propertyPath: m_IsActive
      value: 0
      objectReference: {fileID: 0}
    - target: {fileID: 7625989603405697986, guid: 2e170b5b34ee006459380a212bb89121,
        type: 3}
      propertyPath: count
      value: 5
      objectReference: {fileID: 0}
    - target: {fileID: 7625989603405697988, guid: 2e170b5b34ee006459380a212bb89121,
        type: 3}
      propertyPath: m_RootOrder
      value: 9
      objectReference: {fileID: 0}
    - target: {fileID: 7625989603405697988, guid: 2e170b5b34ee006459380a212bb89121,
        type: 3}
      propertyPath: m_LocalScale.x
      value: 1.4895
      objectReference: {fileID: 0}
    - target: {fileID: 7625989603405697988, guid: 2e170b5b34ee006459380a212bb89121,
        type: 3}
      propertyPath: m_LocalScale.y
      value: 1.4895
      objectReference: {fileID: 0}
    - target: {fileID: 7625989603405697988, guid: 2e170b5b34ee006459380a212bb89121,
        type: 3}
      propertyPath: m_LocalScale.z
      value: 1.4895
      objectReference: {fileID: 0}
    - target: {fileID: 7625989603405697988, guid: 2e170b5b34ee006459380a212bb89121,
        type: 3}
      propertyPath: m_LocalPosition.x
      value: -7.17
      objectReference: {fileID: 0}
    - target: {fileID: 7625989603405697988, guid: 2e170b5b34ee006459380a212bb89121,
        type: 3}
      propertyPath: m_LocalPosition.y
      value: 0
      objectReference: {fileID: 0}
    - target: {fileID: 7625989603405697988, guid: 2e170b5b34ee006459380a212bb89121,
        type: 3}
      propertyPath: m_LocalPosition.z
      value: 7.72
      objectReference: {fileID: 0}
    - target: {fileID: 7625989603405697988, guid: 2e170b5b34ee006459380a212bb89121,
        type: 3}
      propertyPath: m_LocalRotation.w
      value: 1
      objectReference: {fileID: 0}
    - target: {fileID: 7625989603405697988, guid: 2e170b5b34ee006459380a212bb89121,
        type: 3}
      propertyPath: m_LocalRotation.x
      value: -0
      objectReference: {fileID: 0}
    - target: {fileID: 7625989603405697988, guid: 2e170b5b34ee006459380a212bb89121,
        type: 3}
      propertyPath: m_LocalRotation.y
      value: -0
      objectReference: {fileID: 0}
    - target: {fileID: 7625989603405697988, guid: 2e170b5b34ee006459380a212bb89121,
        type: 3}
      propertyPath: m_LocalRotation.z
      value: -0
      objectReference: {fileID: 0}
    - target: {fileID: 7625989603405697988, guid: 2e170b5b34ee006459380a212bb89121,
        type: 3}
      propertyPath: m_LocalEulerAnglesHint.x
      value: 0
      objectReference: {fileID: 0}
    - target: {fileID: 7625989603405697988, guid: 2e170b5b34ee006459380a212bb89121,
        type: 3}
      propertyPath: m_LocalEulerAnglesHint.y
      value: 0
      objectReference: {fileID: 0}
    - target: {fileID: 7625989603405697988, guid: 2e170b5b34ee006459380a212bb89121,
        type: 3}
      propertyPath: m_LocalEulerAnglesHint.z
      value: 0
      objectReference: {fileID: 0}
    - target: {fileID: 7625989603682037882, guid: 2e170b5b34ee006459380a212bb89121,
        type: 3}
      propertyPath: m_text
      value: 'x5

'
      objectReference: {fileID: 0}
    m_RemovedComponents: []
  m_SourcePrefab: {fileID: 100100000, guid: 2e170b5b34ee006459380a212bb89121, type: 3}
--- !u!4 &1630950989136611033 stripped
Transform:
  m_CorrespondingSourceObject: {fileID: 7625989603405697988, guid: 2e170b5b34ee006459380a212bb89121,
    type: 3}
  m_PrefabInstance: {fileID: 9184731261017445661}
  m_PrefabAsset: {fileID: 0}
