%YAML 1.1
%TAG !u! tag:unity3d.com,2011:
--- !u!1 &5344546288229012067
GameObject:
  m_ObjectHideFlags: 0
  m_CorrespondingSourceObject: {fileID: 0}
  m_PrefabInstance: {fileID: 0}
  m_PrefabAsset: {fileID: 0}
  serializedVersion: 6
  m_Component:
  - component: {fileID: 2923356511563538065}
  - component: {fileID: 2344461222115732407}
  - component: {fileID: 8871935686144646692}
  - component: {fileID: 3151125800566056363}
  m_Layer: 0
  m_Name: Obstacle (1)
  m_TagString: Obstacle
  m_Icon: {fileID: 0}
  m_NavMeshLayer: 0
  m_StaticEditorFlags: 0
  m_IsActive: 1
--- !u!4 &2923356511563538065
Transform:
  m_ObjectHideFlags: 0
  m_CorrespondingSourceObject: {fileID: 0}
  m_PrefabInstance: {fileID: 0}
  m_PrefabAsset: {fileID: 0}
  m_GameObject: {fileID: 5344546288229012067}
  m_LocalRotation: {x: -0, y: -0, z: -0, w: 1}
  m_LocalPosition: {x: 0, y: 0, z: 15.43}
  m_LocalScale: {x: 1, y: 1, z: 18.625}
  m_Children: []
  m_Father: {fileID: 6474973777991046675}
  m_RootOrder: 1
  m_LocalEulerAnglesHint: {x: 0, y: 0, z: 0}
--- !u!33 &2344461222115732407
MeshFilter:
  m_ObjectHideFlags: 0
  m_CorrespondingSourceObject: {fileID: 0}
  m_PrefabInstance: {fileID: 0}
  m_PrefabAsset: {fileID: 0}
  m_GameObject: {fileID: 5344546288229012067}
  m_Mesh: {fileID: 10202, guid: 0000000000000000e000000000000000, type: 0}
--- !u!23 &8871935686144646692
MeshRenderer:
  m_ObjectHideFlags: 0
  m_CorrespondingSourceObject: {fileID: 0}
  m_PrefabInstance: {fileID: 0}
  m_PrefabAsset: {fileID: 0}
  m_GameObject: {fileID: 5344546288229012067}
  m_Enabled: 1
  m_CastShadows: 1
  m_ReceiveShadows: 1
  m_DynamicOccludee: 1
  m_MotionVectors: 1
  m_LightProbeUsage: 1
  m_ReflectionProbeUsage: 1
  m_RayTracingMode: 2
  m_RenderingLayerMask: 1
  m_RendererPriority: 0
  m_Materials:
  - {fileID: 2100000, guid: 9534f3ca18763044f85cf7109dabc54a, type: 2}
  m_StaticBatchInfo:
    firstSubMesh: 0
    subMeshCount: 0
  m_StaticBatchRoot: {fileID: 0}
  m_ProbeAnchor: {fileID: 0}
  m_LightProbeVolumeOverride: {fileID: 0}
  m_ScaleInLightmap: 1
  m_ReceiveGI: 1
  m_PreserveUVs: 0
  m_IgnoreNormalsForChartDetection: 0
  m_ImportantGI: 0
  m_StitchLightmapSeams: 1
  m_SelectedEditorRenderState: 3
  m_MinimumChartSize: 4
  m_AutoUVMaxDistance: 0.5
  m_AutoUVMaxAngle: 89
  m_LightmapParameters: {fileID: 0}
  m_SortingLayerID: 0
  m_SortingLayer: 0
  m_SortingOrder: 0
--- !u!65 &3151125800566056363
BoxCollider:
  m_ObjectHideFlags: 0
  m_CorrespondingSourceObject: {fileID: 0}
  m_PrefabInstance: {fileID: 0}
  m_PrefabAsset: {fileID: 0}
  m_GameObject: {fileID: 5344546288229012067}
  m_Material: {fileID: 0}
  m_IsTrigger: 1
  m_Enabled: 1
  serializedVersion: 2
  m_Size: {x: 1, y: 1, z: 1}
  m_Center: {x: 0, y: 0, z: 0}
--- !u!1 &6474973776654255793
GameObject:
  m_ObjectHideFlags: 0
  m_CorrespondingSourceObject: {fileID: 0}
  m_PrefabInstance: {fileID: 0}
  m_PrefabAsset: {fileID: 0}
  serializedVersion: 6
  m_Component:
  - component: {fileID: 6474973776654255792}
  - component: {fileID: 6474973776654255789}
  - component: {fileID: 6474973776654255790}
  - component: {fileID: 6474973776654255791}
  m_Layer: 0
  m_Name: Obstacle
  m_TagString: Obstacle
  m_Icon: {fileID: 0}
  m_NavMeshLayer: 0
  m_StaticEditorFlags: 0
  m_IsActive: 1
--- !u!4 &6474973776654255792
Transform:
  m_ObjectHideFlags: 0
  m_CorrespondingSourceObject: {fileID: 0}
  m_PrefabInstance: {fileID: 0}
  m_PrefabAsset: {fileID: 0}
  m_GameObject: {fileID: 6474973776654255793}
  m_LocalRotation: {x: -0, y: -0, z: -0, w: 1}
  m_LocalPosition: {x: 0, y: 0, z: -14.24}
  m_LocalScale: {x: 1, y: 1, z: 17.5}
  m_Children: []
  m_Father: {fileID: 6474973777991046675}
  m_RootOrder: 0
  m_LocalEulerAnglesHint: {x: 0, y: 0, z: 0}
--- !u!33 &6474973776654255789
MeshFilter:
  m_ObjectHideFlags: 0
  m_CorrespondingSourceObject: {fileID: 0}
  m_PrefabInstance: {fileID: 0}
  m_PrefabAsset: {fileID: 0}
  m_GameObject: {fileID: 6474973776654255793}
  m_Mesh: {fileID: 10202, guid: 0000000000000000e000000000000000, type: 0}
--- !u!23 &6474973776654255790
MeshRenderer:
  m_ObjectHideFlags: 0
  m_CorrespondingSourceObject: {fileID: 0}
  m_PrefabInstance: {fileID: 0}
  m_PrefabAsset: {fileID: 0}
  m_GameObject: {fileID: 6474973776654255793}
  m_Enabled: 1
  m_CastShadows: 1
  m_ReceiveShadows: 1
  m_DynamicOccludee: 1
  m_MotionVectors: 1
  m_LightProbeUsage: 1
  m_ReflectionProbeUsage: 1
  m_RayTracingMode: 2
  m_RenderingLayerMask: 1
  m_RendererPriority: 0
  m_Materials:
  - {fileID: 2100000, guid: 9534f3ca18763044f85cf7109dabc54a, type: 2}
  m_StaticBatchInfo:
    firstSubMesh: 0
    subMeshCount: 0
  m_StaticBatchRoot: {fileID: 0}
  m_ProbeAnchor: {fileID: 0}
  m_LightProbeVolumeOverride: {fileID: 0}
  m_ScaleInLightmap: 1
  m_ReceiveGI: 1
  m_PreserveUVs: 0
  m_IgnoreNormalsForChartDetection: 0
  m_ImportantGI: 0
  m_StitchLightmapSeams: 1
  m_SelectedEditorRenderState: 3
  m_MinimumChartSize: 4
  m_AutoUVMaxDistance: 0.5
  m_AutoUVMaxAngle: 89
  m_LightmapParameters: {fileID: 0}
  m_SortingLayerID: 0
  m_SortingLayer: 0
  m_SortingOrder: 0
--- !u!65 &6474973776654255791
BoxCollider:
  m_ObjectHideFlags: 0
  m_CorrespondingSourceObject: {fileID: 0}
  m_PrefabInstance: {fileID: 0}
  m_PrefabAsset: {fileID: 0}
  m_GameObject: {fileID: 6474973776654255793}
  m_Material: {fileID: 0}
  m_IsTrigger: 1
  m_Enabled: 1
  serializedVersion: 2
  m_Size: {x: 1, y: 1, z: 1}
  m_Center: {x: 0, y: 0, z: 0}
--- !u!1 &6474973776841290277
GameObject:
  m_ObjectHideFlags: 0
  m_CorrespondingSourceObject: {fileID: 0}
  m_PrefabInstance: {fileID: 0}
  m_PrefabAsset: {fileID: 0}
  serializedVersion: 6
  m_Component:
  - component: {fileID: 6474973776841290276}
  - component: {fileID: 3694719865382623319}
  - component: {fileID: 2096929408782947904}
  m_Layer: 0
  m_Name: Map3
  m_TagString: Untagged
  m_Icon: {fileID: 0}
  m_NavMeshLayer: 0
  m_StaticEditorFlags: 0
  m_IsActive: 1
--- !u!4 &6474973776841290276
Transform:
  m_ObjectHideFlags: 0
  m_CorrespondingSourceObject: {fileID: 0}
  m_PrefabInstance: {fileID: 0}
  m_PrefabAsset: {fileID: 0}
  m_GameObject: {fileID: 6474973776841290277}
  m_LocalRotation: {x: 0, y: 0, z: 0, w: 1}
  m_LocalPosition: {x: 0, y: 0, z: 0}
  m_LocalScale: {x: 1, y: 1, z: 1}
  m_Children:
  - {fileID: 3929850497577960234}
  - {fileID: 1029261532965103481}
  - {fileID: 3226794591366316403}
  - {fileID: 2516770123507226210}
  - {fileID: 3228133703268715043}
  - {fileID: 6474973778106207937}
  - {fileID: 6402463592502057211}
  - {fileID: 6474973777991046675}
  - {fileID: 6474973778234494123}
  - {fileID: 3463074030425526868}
  - {fileID: 8733117027659943574}
  m_Father: {fileID: 0}
  m_RootOrder: 0
  m_LocalEulerAnglesHint: {x: 0, y: 0, z: 0}
--- !u!114 &3694719865382623319
MonoBehaviour:
  m_ObjectHideFlags: 0
  m_CorrespondingSourceObject: {fileID: 0}
  m_PrefabInstance: {fileID: 0}
  m_PrefabAsset: {fileID: 0}
  m_GameObject: {fileID: 6474973776841290277}
  m_Enabled: 1
  m_EditorHideFlags: 0
  m_Script: {fileID: 11500000, guid: 651f1ddcb51c946a1b18be59115f9fa3, type: 3}
  m_Name: 
  m_EditorClassIdentifier: 
--- !u!114 &2096929408782947904
MonoBehaviour:
  m_ObjectHideFlags: 0
  m_CorrespondingSourceObject: {fileID: 0}
  m_PrefabInstance: {fileID: 0}
  m_PrefabAsset: {fileID: 0}
  m_GameObject: {fileID: 6474973776841290277}
  m_Enabled: 1
  m_EditorHideFlags: 0
  m_Script: {fileID: 11500000, guid: f5126d574fb283c4eb54aac9efe54150, type: 3}
  m_Name: 
  m_EditorClassIdentifier: 
  scoreToWin: 100
  ballCount: 10
  ballBonus: 10
  cameraHeight: 40
  startLaunchRate: 1
  maxLaunchRate: 0.1
  launchCurve:
    serializedVersion: 2
    m_Curve:
    - serializedVersion: 3
      time: 0
      value: 1
      inSlope: 0
      outSlope: 0
      tangentMode: 0
      weightedMode: 0
      inWeight: 0
      outWeight: 0
    - serializedVersion: 3
      time: 1
      value: 0.1
      inSlope: -1.328301
      outSlope: -1.328301
      tangentMode: 0
      weightedMode: 0
      inWeight: 0.052734375
      outWeight: 0
    m_PreInfinity: 2
    m_PostInfinity: 2
    m_RotationOrder: 4
  scoreText: {fileID: 3228133701454706544}
  ballText: {fileID: 3228133702427259770}
  anim: {fileID: 3228133701454706546}
--- !u!1 &6474973777991046676
GameObject:
  m_ObjectHideFlags: 0
  m_CorrespondingSourceObject: {fileID: 0}
  m_PrefabInstance: {fileID: 0}
  m_PrefabAsset: {fileID: 0}
  serializedVersion: 6
  m_Component:
  - component: {fileID: 6474973777991046675}
  m_Layer: 0
  m_Name: Obstacles
  m_TagString: Untagged
  m_Icon: {fileID: 0}
  m_NavMeshLayer: 0
  m_StaticEditorFlags: 0
  m_IsActive: 1
--- !u!4 &6474973777991046675
Transform:
  m_ObjectHideFlags: 0
  m_CorrespondingSourceObject: {fileID: 0}
  m_PrefabInstance: {fileID: 0}
  m_PrefabAsset: {fileID: 0}
  m_GameObject: {fileID: 6474973777991046676}
  m_LocalRotation: {x: 0, y: 0, z: 0, w: 1}
  m_LocalPosition: {x: 0, y: 0, z: 0}
  m_LocalScale: {x: 1, y: 1, z: 1}
  m_Children:
  - {fileID: 6474973776654255792}
  - {fileID: 2923356511563538065}
  m_Father: {fileID: 6474973776841290276}
  m_RootOrder: 7
  m_LocalEulerAnglesHint: {x: 0, y: 0, z: 0}
--- !u!1001 &1217861450862140754
PrefabInstance:
  m_ObjectHideFlags: 0
  serializedVersion: 2
  m_Modification:
    m_TransformParent: {fileID: 6474973776841290276}
    m_Modifications:
    - target: {fileID: 7625989603405697985, guid: 2e170b5b34ee006459380a212bb89121,
        type: 3}
      propertyPath: m_Name
      value: Multiplier (2)
      objectReference: {fileID: 0}
    - target: {fileID: 7625989603405697986, guid: 2e170b5b34ee006459380a212bb89121,
        type: 3}
      propertyPath: count
      value: 5
      objectReference: {fileID: 0}
    - target: {fileID: 7625989603405697988, guid: 2e170b5b34ee006459380a212bb89121,
        type: 3}
      propertyPath: m_RootOrder
      value: 10
      objectReference: {fileID: 0}
    - target: {fileID: 7625989603405697988, guid: 2e170b5b34ee006459380a212bb89121,
        type: 3}
      propertyPath: m_LocalScale.x
      value: 1.8781755
      objectReference: {fileID: 0}
    - target: {fileID: 7625989603405697988, guid: 2e170b5b34ee006459380a212bb89121,
        type: 3}
      propertyPath: m_LocalScale.y
      value: 1.8781755
      objectReference: {fileID: 0}
    - target: {fileID: 7625989603405697988, guid: 2e170b5b34ee006459380a212bb89121,
        type: 3}
      propertyPath: m_LocalScale.z
      value: 1.8781755
      objectReference: {fileID: 0}
    - target: {fileID: 7625989603405697988, guid: 2e170b5b34ee006459380a212bb89121,
        type: 3}
      propertyPath: m_LocalPosition.x
      value: 9.99
      objectReference: {fileID: 0}
    - target: {fileID: 7625989603405697988, guid: 2e170b5b34ee006459380a212bb89121,
        type: 3}
      propertyPath: m_LocalPosition.y
      value: 0
      objectReference: {fileID: 0}
    - target: {fileID: 7625989603405697988, guid: 2e170b5b34ee006459380a212bb89121,
        type: 3}
      propertyPath: m_LocalPosition.z
      value: -13.03
      objectReference: {fileID: 0}
    - target: {fileID: 7625989603405697988, guid: 2e170b5b34ee006459380a212bb89121,
        type: 3}
      propertyPath: m_LocalRotation.w
      value: 1
      objectReference: {fileID: 0}
    - target: {fileID: 7625989603405697988, guid: 2e170b5b34ee006459380a212bb89121,
        type: 3}
      propertyPath: m_LocalRotation.x
      value: -0
      objectReference: {fileID: 0}
    - target: {fileID: 7625989603405697988, guid: 2e170b5b34ee006459380a212bb89121,
        type: 3}
      propertyPath: m_LocalRotation.y
      value: -0
      objectReference: {fileID: 0}
    - target: {fileID: 7625989603405697988, guid: 2e170b5b34ee006459380a212bb89121,
        type: 3}
      propertyPath: m_LocalRotation.z
      value: -0
      objectReference: {fileID: 0}
    - target: {fileID: 7625989603405697988, guid: 2e170b5b34ee006459380a212bb89121,
        type: 3}
      propertyPath: m_LocalEulerAnglesHint.x
      value: 0
      objectReference: {fileID: 0}
    - target: {fileID: 7625989603405697988, guid: 2e170b5b34ee006459380a212bb89121,
        type: 3}
      propertyPath: m_LocalEulerAnglesHint.y
      value: 0
      objectReference: {fileID: 0}
    - target: {fileID: 7625989603405697988, guid: 2e170b5b34ee006459380a212bb89121,
        type: 3}
      propertyPath: m_LocalEulerAnglesHint.z
      value: 0
      objectReference: {fileID: 0}
    - target: {fileID: 7625989603682037882, guid: 2e170b5b34ee006459380a212bb89121,
        type: 3}
      propertyPath: m_text
      value: x5
      objectReference: {fileID: 0}
    m_RemovedComponents: []
  m_SourcePrefab: {fileID: 100100000, guid: 2e170b5b34ee006459380a212bb89121, type: 3}
--- !u!4 &8733117027659943574 stripped
Transform:
  m_CorrespondingSourceObject: {fileID: 7625989603405697988, guid: 2e170b5b34ee006459380a212bb89121,
    type: 3}
  m_PrefabInstance: {fileID: 1217861450862140754}
  m_PrefabAsset: {fileID: 0}
--- !u!1001 &3306766943002819631
PrefabInstance:
  m_ObjectHideFlags: 0
  serializedVersion: 2
  m_Modification:
    m_TransformParent: {fileID: 6474973776841290276}
    m_Modifications:
    - target: {fileID: 8447030743461995732, guid: 08ad34f5b27e1bf49b71c77143593996,
        type: 3}
      propertyPath: m_RootOrder
      value: 6
      objectReference: {fileID: 0}
    - target: {fileID: 8447030743461995732, guid: 08ad34f5b27e1bf49b71c77143593996,
        type: 3}
      propertyPath: m_LocalPosition.x
      value: 10.16
      objectReference: {fileID: 0}
    - target: {fileID: 8447030743461995732, guid: 08ad34f5b27e1bf49b71c77143593996,
        type: 3}
      propertyPath: m_LocalPosition.y
      value: 0
      objectReference: {fileID: 0}
    - target: {fileID: 8447030743461995732, guid: 08ad34f5b27e1bf49b71c77143593996,
        type: 3}
      propertyPath: m_LocalPosition.z
      value: 21.5
      objectReference: {fileID: 0}
    - target: {fileID: 8447030743461995732, guid: 08ad34f5b27e1bf49b71c77143593996,
        type: 3}
      propertyPath: m_LocalRotation.w
      value: 1
      objectReference: {fileID: 0}
    - target: {fileID: 8447030743461995732, guid: 08ad34f5b27e1bf49b71c77143593996,
        type: 3}
      propertyPath: m_LocalRotation.x
      value: -0
      objectReference: {fileID: 0}
    - target: {fileID: 8447030743461995732, guid: 08ad34f5b27e1bf49b71c77143593996,
        type: 3}
      propertyPath: m_LocalRotation.y
      value: 0.00000037252897
      objectReference: {fileID: 0}
    - target: {fileID: 8447030743461995732, guid: 08ad34f5b27e1bf49b71c77143593996,
        type: 3}
      propertyPath: m_LocalRotation.z
      value: -0
      objectReference: {fileID: 0}
    - target: {fileID: 8447030743461995732, guid: 08ad34f5b27e1bf49b71c77143593996,
        type: 3}
      propertyPath: m_LocalEulerAnglesHint.x
      value: 0
      objectReference: {fileID: 0}
    - target: {fileID: 8447030743461995732, guid: 08ad34f5b27e1bf49b71c77143593996,
        type: 3}
      propertyPath: m_LocalEulerAnglesHint.y
      value: 0
      objectReference: {fileID: 0}
    - target: {fileID: 8447030743461995732, guid: 08ad34f5b27e1bf49b71c77143593996,
        type: 3}
      propertyPath: m_LocalEulerAnglesHint.z
      value: 0
      objectReference: {fileID: 0}
    - target: {fileID: 8447030743461995735, guid: 08ad34f5b27e1bf49b71c77143593996,
        type: 3}
      propertyPath: m_Name
      value: Goal
      objectReference: {fileID: 0}
    m_RemovedComponents: []
  m_SourcePrefab: {fileID: 100100000, guid: 08ad34f5b27e1bf49b71c77143593996, type: 3}
--- !u!4 &6402463592502057211 stripped
Transform:
  m_CorrespondingSourceObject: {fileID: 8447030743461995732, guid: 08ad34f5b27e1bf49b71c77143593996,
    type: 3}
  m_PrefabInstance: {fileID: 3306766943002819631}
  m_PrefabAsset: {fileID: 0}
--- !u!1001 &3463074031231786863
PrefabInstance:
  m_ObjectHideFlags: 0
  serializedVersion: 2
  m_Modification:
    m_TransformParent: {fileID: 6474973776841290276}
    m_Modifications:
    - target: {fileID: 7625989603405697985, guid: 2e170b5b34ee006459380a212bb89121,
        type: 3}
      propertyPath: m_Name
      value: Multiplier
      objectReference: {fileID: 0}
    - target: {fileID: 7625989603405697988, guid: 2e170b5b34ee006459380a212bb89121,
        type: 3}
      propertyPath: m_RootOrder
      value: 8
      objectReference: {fileID: 0}
    - target: {fileID: 7625989603405697988, guid: 2e170b5b34ee006459380a212bb89121,
        type: 3}
      propertyPath: m_LocalPosition.x
      value: -11.28
      objectReference: {fileID: 0}
    - target: {fileID: 7625989603405697988, guid: 2e170b5b34ee006459380a212bb89121,
        type: 3}
      propertyPath: m_LocalPosition.y
      value: 0
      objectReference: {fileID: 0}
    - target: {fileID: 7625989603405697988, guid: 2e170b5b34ee006459380a212bb89121,
        type: 3}
      propertyPath: m_LocalPosition.z
      value: 10.37
      objectReference: {fileID: 0}
    - target: {fileID: 7625989603405697988, guid: 2e170b5b34ee006459380a212bb89121,
        type: 3}
      propertyPath: m_LocalRotation.w
      value: 1
      objectReference: {fileID: 0}
    - target: {fileID: 7625989603405697988, guid: 2e170b5b34ee006459380a212bb89121,
        type: 3}
      propertyPath: m_LocalRotation.x
      value: -0
      objectReference: {fileID: 0}
    - target: {fileID: 7625989603405697988, guid: 2e170b5b34ee006459380a212bb89121,
        type: 3}
      propertyPath: m_LocalRotation.y
      value: -0
      objectReference: {fileID: 0}
    - target: {fileID: 7625989603405697988, guid: 2e170b5b34ee006459380a212bb89121,
        type: 3}
      propertyPath: m_LocalRotation.z
      value: -0
      objectReference: {fileID: 0}
    - target: {fileID: 7625989603405697988, guid: 2e170b5b34ee006459380a212bb89121,
        type: 3}
      propertyPath: m_LocalEulerAnglesHint.x
      value: 0
      objectReference: {fileID: 0}
    - target: {fileID: 7625989603405697988, guid: 2e170b5b34ee006459380a212bb89121,
        type: 3}
      propertyPath: m_LocalEulerAnglesHint.y
      value: 0
      objectReference: {fileID: 0}
    - target: {fileID: 7625989603405697988, guid: 2e170b5b34ee006459380a212bb89121,
        type: 3}
      propertyPath: m_LocalEulerAnglesHint.z
      value: 0
      objectReference: {fileID: 0}
    m_RemovedComponents: []
  m_SourcePrefab: {fileID: 100100000, guid: 2e170b5b34ee006459380a212bb89121, type: 3}
--- !u!4 &6474973778234494123 stripped
Transform:
  m_CorrespondingSourceObject: {fileID: 7625989603405697988, guid: 2e170b5b34ee006459380a212bb89121,
    type: 3}
  m_PrefabInstance: {fileID: 3463074031231786863}
  m_PrefabAsset: {fileID: 0}
--- !u!1001 &6474973776870733278
PrefabInstance:
  m_ObjectHideFlags: 0
  serializedVersion: 2
  m_Modification:
    m_TransformParent: {fileID: 6474973776841290276}
    m_Modifications:
    - target: {fileID: 8021500741873022708, guid: 86a16f7f06ba8fa4ab368c13cf1222e5,
        type: 3}
      propertyPath: m_RootOrder
      value: 0
      objectReference: {fileID: 0}
    - target: {fileID: 8021500741873022708, guid: 86a16f7f06ba8fa4ab368c13cf1222e5,
        type: 3}
      propertyPath: m_LocalPosition.x
      value: 0
      objectReference: {fileID: 0}
    - target: {fileID: 8021500741873022708, guid: 86a16f7f06ba8fa4ab368c13cf1222e5,
        type: 3}
      propertyPath: m_LocalPosition.y
      value: 0
      objectReference: {fileID: 0}
    - target: {fileID: 8021500741873022708, guid: 86a16f7f06ba8fa4ab368c13cf1222e5,
        type: 3}
      propertyPath: m_LocalPosition.z
      value: 0
      objectReference: {fileID: 0}
    - target: {fileID: 8021500741873022708, guid: 86a16f7f06ba8fa4ab368c13cf1222e5,
        type: 3}
      propertyPath: m_LocalRotation.w
      value: 1
      objectReference: {fileID: 0}
    - target: {fileID: 8021500741873022708, guid: 86a16f7f06ba8fa4ab368c13cf1222e5,
        type: 3}
      propertyPath: m_LocalRotation.x
      value: -0
      objectReference: {fileID: 0}
    - target: {fileID: 8021500741873022708, guid: 86a16f7f06ba8fa4ab368c13cf1222e5,
        type: 3}
      propertyPath: m_LocalRotation.y
      value: -0
      objectReference: {fileID: 0}
    - target: {fileID: 8021500741873022708, guid: 86a16f7f06ba8fa4ab368c13cf1222e5,
        type: 3}
      propertyPath: m_LocalRotation.z
      value: -0
      objectReference: {fileID: 0}
    - target: {fileID: 8021500741873022708, guid: 86a16f7f06ba8fa4ab368c13cf1222e5,
        type: 3}
      propertyPath: m_LocalEulerAnglesHint.x
      value: 0
      objectReference: {fileID: 0}
    - target: {fileID: 8021500741873022708, guid: 86a16f7f06ba8fa4ab368c13cf1222e5,
        type: 3}
      propertyPath: m_LocalEulerAnglesHint.y
      value: 0
      objectReference: {fileID: 0}
    - target: {fileID: 8021500741873022708, guid: 86a16f7f06ba8fa4ab368c13cf1222e5,
        type: 3}
      propertyPath: m_LocalEulerAnglesHint.z
      value: 0
      objectReference: {fileID: 0}
    - target: {fileID: 8021500741873022711, guid: 86a16f7f06ba8fa4ab368c13cf1222e5,
        type: 3}
      propertyPath: m_Name
      value: BaseLevel
      objectReference: {fileID: 0}
    m_RemovedComponents: []
  m_SourcePrefab: {fileID: 100100000, guid: 86a16f7f06ba8fa4ab368c13cf1222e5, type: 3}
--- !u!4 &3929850497577960234 stripped
Transform:
  m_CorrespondingSourceObject: {fileID: 8021500741873022708, guid: 86a16f7f06ba8fa4ab368c13cf1222e5,
    type: 3}
  m_PrefabInstance: {fileID: 6474973776870733278}
  m_PrefabAsset: {fileID: 0}
--- !u!1001 &6474973777085053239
PrefabInstance:
  m_ObjectHideFlags: 0
  serializedVersion: 2
  m_Modification:
    m_TransformParent: {fileID: 6474973776841290276}
    m_Modifications:
    - target: {fileID: 8437238985196767823, guid: 1d1674fecc603a744a00083dab0a6e4c,
        type: 3}
      propertyPath: m_AnchoredPosition.x
      value: -156
      objectReference: {fileID: 0}
    - target: {fileID: 8437238985565343304, guid: 1d1674fecc603a744a00083dab0a6e4c,
        type: 3}
      propertyPath: m_AnchoredPosition.x
      value: 222
      objectReference: {fileID: 0}
    - target: {fileID: 8437238985565343304, guid: 1d1674fecc603a744a00083dab0a6e4c,
        type: 3}
      propertyPath: m_AnchoredPosition.y
      value: 452.3
      objectReference: {fileID: 0}
    - target: {fileID: 8437238986037261076, guid: 1d1674fecc603a744a00083dab0a6e4c,
        type: 3}
      propertyPath: m_Pivot.x
      value: 0
      objectReference: {fileID: 0}
    - target: {fileID: 8437238986037261076, guid: 1d1674fecc603a744a00083dab0a6e4c,
        type: 3}
      propertyPath: m_Pivot.y
      value: 0
      objectReference: {fileID: 0}
    - target: {fileID: 8437238986037261076, guid: 1d1674fecc603a744a00083dab0a6e4c,
        type: 3}
      propertyPath: m_RootOrder
      value: 4
      objectReference: {fileID: 0}
    - target: {fileID: 8437238986037261076, guid: 1d1674fecc603a744a00083dab0a6e4c,
        type: 3}
      propertyPath: m_AnchorMax.x
      value: 0
      objectReference: {fileID: 0}
    - target: {fileID: 8437238986037261076, guid: 1d1674fecc603a744a00083dab0a6e4c,
        type: 3}
      propertyPath: m_AnchorMax.y
      value: 0
      objectReference: {fileID: 0}
    - target: {fileID: 8437238986037261076, guid: 1d1674fecc603a744a00083dab0a6e4c,
        type: 3}
      propertyPath: m_AnchorMin.x
      value: 0
      objectReference: {fileID: 0}
    - target: {fileID: 8437238986037261076, guid: 1d1674fecc603a744a00083dab0a6e4c,
        type: 3}
      propertyPath: m_AnchorMin.y
      value: 0
      objectReference: {fileID: 0}
    - target: {fileID: 8437238986037261076, guid: 1d1674fecc603a744a00083dab0a6e4c,
        type: 3}
      propertyPath: m_SizeDelta.x
      value: 0
      objectReference: {fileID: 0}
    - target: {fileID: 8437238986037261076, guid: 1d1674fecc603a744a00083dab0a6e4c,
        type: 3}
      propertyPath: m_SizeDelta.y
      value: 0
      objectReference: {fileID: 0}
    - target: {fileID: 8437238986037261076, guid: 1d1674fecc603a744a00083dab0a6e4c,
        type: 3}
      propertyPath: m_LocalPosition.x
      value: 0
      objectReference: {fileID: 0}
    - target: {fileID: 8437238986037261076, guid: 1d1674fecc603a744a00083dab0a6e4c,
        type: 3}
      propertyPath: m_LocalPosition.y
      value: 0
      objectReference: {fileID: 0}
    - target: {fileID: 8437238986037261076, guid: 1d1674fecc603a744a00083dab0a6e4c,
        type: 3}
      propertyPath: m_LocalPosition.z
      value: 0
      objectReference: {fileID: 0}
    - target: {fileID: 8437238986037261076, guid: 1d1674fecc603a744a00083dab0a6e4c,
        type: 3}
      propertyPath: m_LocalRotation.w
      value: 1
      objectReference: {fileID: 0}
    - target: {fileID: 8437238986037261076, guid: 1d1674fecc603a744a00083dab0a6e4c,
        type: 3}
      propertyPath: m_LocalRotation.x
      value: 0
      objectReference: {fileID: 0}
    - target: {fileID: 8437238986037261076, guid: 1d1674fecc603a744a00083dab0a6e4c,
        type: 3}
      propertyPath: m_LocalRotation.y
      value: 0
      objectReference: {fileID: 0}
    - target: {fileID: 8437238986037261076, guid: 1d1674fecc603a744a00083dab0a6e4c,
        type: 3}
      propertyPath: m_LocalRotation.z
      value: 0
      objectReference: {fileID: 0}
    - target: {fileID: 8437238986037261076, guid: 1d1674fecc603a744a00083dab0a6e4c,
        type: 3}
      propertyPath: m_AnchoredPosition.x
      value: 0
      objectReference: {fileID: 0}
    - target: {fileID: 8437238986037261076, guid: 1d1674fecc603a744a00083dab0a6e4c,
        type: 3}
      propertyPath: m_AnchoredPosition.y
      value: 0
      objectReference: {fileID: 0}
    - target: {fileID: 8437238986037261076, guid: 1d1674fecc603a744a00083dab0a6e4c,
        type: 3}
      propertyPath: m_LocalEulerAnglesHint.x
      value: 0
      objectReference: {fileID: 0}
    - target: {fileID: 8437238986037261076, guid: 1d1674fecc603a744a00083dab0a6e4c,
        type: 3}
      propertyPath: m_LocalEulerAnglesHint.y
      value: 0
      objectReference: {fileID: 0}
    - target: {fileID: 8437238986037261076, guid: 1d1674fecc603a744a00083dab0a6e4c,
        type: 3}
      propertyPath: m_LocalEulerAnglesHint.z
      value: 0
      objectReference: {fileID: 0}
    - target: {fileID: 8437238986037261080, guid: 1d1674fecc603a744a00083dab0a6e4c,
        type: 3}
      propertyPath: m_Name
      value: UI
      objectReference: {fileID: 0}
    m_RemovedComponents: []
  m_SourcePrefab: {fileID: 100100000, guid: 1d1674fecc603a744a00083dab0a6e4c, type: 3}
--- !u!224 &3228133703268715043 stripped
RectTransform:
  m_CorrespondingSourceObject: {fileID: 8437238986037261076, guid: 1d1674fecc603a744a00083dab0a6e4c,
    type: 3}
  m_PrefabInstance: {fileID: 6474973777085053239}
  m_PrefabAsset: {fileID: 0}
--- !u!114 &3228133701454706544 stripped
MonoBehaviour:
  m_CorrespondingSourceObject: {fileID: 8437238985565343303, guid: 1d1674fecc603a744a00083dab0a6e4c,
    type: 3}
  m_PrefabInstance: {fileID: 6474973777085053239}
  m_PrefabAsset: {fileID: 0}
  m_GameObject: {fileID: 0}
  m_Enabled: 1
  m_EditorHideFlags: 0
  m_Script: {fileID: 11500000, guid: f4688fdb7df04437aeb418b961361dc5, type: 3}
  m_Name: 
  m_EditorClassIdentifier: 
--- !u!114 &3228133702427259770 stripped
MonoBehaviour:
  m_CorrespondingSourceObject: {fileID: 8437238985196767821, guid: 1d1674fecc603a744a00083dab0a6e4c,
    type: 3}
  m_PrefabInstance: {fileID: 6474973777085053239}
  m_PrefabAsset: {fileID: 0}
  m_GameObject: {fileID: 0}
  m_Enabled: 1
  m_EditorHideFlags: 0
  m_Script: {fileID: 11500000, guid: f4688fdb7df04437aeb418b961361dc5, type: 3}
  m_Name: 
  m_EditorClassIdentifier: 
--- !u!114 &3228133701454706546 stripped
MonoBehaviour:
  m_CorrespondingSourceObject: {fileID: 8437238985565343301, guid: 1d1674fecc603a744a00083dab0a6e4c,
    type: 3}
  m_PrefabInstance: {fileID: 6474973777085053239}
  m_PrefabAsset: {fileID: 0}
  m_GameObject: {fileID: 0}
  m_Enabled: 1
  m_EditorHideFlags: 0
  m_Script: {fileID: 11500000, guid: 4d0390bd8b8ffd640b34fe25065ff1df, type: 3}
  m_Name: 
  m_EditorClassIdentifier: 
--- !u!1001 &6474973777130271239
PrefabInstance:
  m_ObjectHideFlags: 0
  serializedVersion: 2
  m_Modification:
    m_TransformParent: {fileID: 6474973776841290276}
    m_Modifications:
    - target: {fileID: 8878538045706953829, guid: 4d110bf98c1d8a44ca8332b7d997ec63,
        type: 3}
      propertyPath: m_RootOrder
      value: 3
      objectReference: {fileID: 0}
    - target: {fileID: 8878538045706953829, guid: 4d110bf98c1d8a44ca8332b7d997ec63,
        type: 3}
      propertyPath: m_LocalPosition.x
      value: 0
      objectReference: {fileID: 0}
    - target: {fileID: 8878538045706953829, guid: 4d110bf98c1d8a44ca8332b7d997ec63,
        type: 3}
      propertyPath: m_LocalPosition.y
      value: 0
      objectReference: {fileID: 0}
    - target: {fileID: 8878538045706953829, guid: 4d110bf98c1d8a44ca8332b7d997ec63,
        type: 3}
      propertyPath: m_LocalPosition.z
      value: 0
      objectReference: {fileID: 0}
    - target: {fileID: 8878538045706953829, guid: 4d110bf98c1d8a44ca8332b7d997ec63,
        type: 3}
      propertyPath: m_LocalRotation.w
      value: 1
      objectReference: {fileID: 0}
    - target: {fileID: 8878538045706953829, guid: 4d110bf98c1d8a44ca8332b7d997ec63,
        type: 3}
      propertyPath: m_LocalRotation.x
      value: -0
      objectReference: {fileID: 0}
    - target: {fileID: 8878538045706953829, guid: 4d110bf98c1d8a44ca8332b7d997ec63,
        type: 3}
      propertyPath: m_LocalRotation.y
      value: -0
      objectReference: {fileID: 0}
    - target: {fileID: 8878538045706953829, guid: 4d110bf98c1d8a44ca8332b7d997ec63,
        type: 3}
      propertyPath: m_LocalRotation.z
      value: -0
      objectReference: {fileID: 0}
    - target: {fileID: 8878538045706953829, guid: 4d110bf98c1d8a44ca8332b7d997ec63,
        type: 3}
      propertyPath: m_LocalEulerAnglesHint.x
      value: 0
      objectReference: {fileID: 0}
    - target: {fileID: 8878538045706953829, guid: 4d110bf98c1d8a44ca8332b7d997ec63,
        type: 3}
      propertyPath: m_LocalEulerAnglesHint.y
      value: 0
      objectReference: {fileID: 0}
    - target: {fileID: 8878538045706953829, guid: 4d110bf98c1d8a44ca8332b7d997ec63,
        type: 3}
      propertyPath: m_LocalEulerAnglesHint.z
      value: 0
      objectReference: {fileID: 0}
    - target: {fileID: 8878538045706953831, guid: 4d110bf98c1d8a44ca8332b7d997ec63,
        type: 3}
      propertyPath: m_Name
      value: Drawer
      objectReference: {fileID: 0}
    m_RemovedComponents: []
  m_SourcePrefab: {fileID: 100100000, guid: 4d110bf98c1d8a44ca8332b7d997ec63, type: 3}
--- !u!4 &2516770123507226210 stripped
Transform:
  m_CorrespondingSourceObject: {fileID: 8878538045706953829, guid: 4d110bf98c1d8a44ca8332b7d997ec63,
    type: 3}
  m_PrefabInstance: {fileID: 6474973777130271239}
  m_PrefabAsset: {fileID: 0}
--- !u!1001 &6474973777351865202
PrefabInstance:
  m_ObjectHideFlags: 0
  serializedVersion: 2
  m_Modification:
    m_TransformParent: {fileID: 6474973776841290276}
    m_Modifications:
    - target: {fileID: 6310406954990507017, guid: d5500de3e9968c3489f186b792d25860,
        type: 3}
      propertyPath: m_Name
      value: Boundary
      objectReference: {fileID: 0}
    - target: {fileID: 6310406954990507019, guid: d5500de3e9968c3489f186b792d25860,
        type: 3}
      propertyPath: m_RootOrder
      value: 1
      objectReference: {fileID: 0}
    - target: {fileID: 6310406954990507019, guid: d5500de3e9968c3489f186b792d25860,
        type: 3}
      propertyPath: m_LocalPosition.x
      value: 0
      objectReference: {fileID: 0}
    - target: {fileID: 6310406954990507019, guid: d5500de3e9968c3489f186b792d25860,
        type: 3}
      propertyPath: m_LocalPosition.y
      value: 1
      objectReference: {fileID: 0}
    - target: {fileID: 6310406954990507019, guid: d5500de3e9968c3489f186b792d25860,
        type: 3}
      propertyPath: m_LocalPosition.z
      value: 0
      objectReference: {fileID: 0}
    - target: {fileID: 6310406954990507019, guid: d5500de3e9968c3489f186b792d25860,
        type: 3}
      propertyPath: m_LocalRotation.w
      value: 1
      objectReference: {fileID: 0}
    - target: {fileID: 6310406954990507019, guid: d5500de3e9968c3489f186b792d25860,
        type: 3}
      propertyPath: m_LocalRotation.x
      value: -0
      objectReference: {fileID: 0}
    - target: {fileID: 6310406954990507019, guid: d5500de3e9968c3489f186b792d25860,
        type: 3}
      propertyPath: m_LocalRotation.y
      value: -0
      objectReference: {fileID: 0}
    - target: {fileID: 6310406954990507019, guid: d5500de3e9968c3489f186b792d25860,
        type: 3}
      propertyPath: m_LocalRotation.z
      value: -0
      objectReference: {fileID: 0}
    - target: {fileID: 6310406954990507019, guid: d5500de3e9968c3489f186b792d25860,
        type: 3}
      propertyPath: m_LocalEulerAnglesHint.x
      value: 0
      objectReference: {fileID: 0}
    - target: {fileID: 6310406954990507019, guid: d5500de3e9968c3489f186b792d25860,
        type: 3}
      propertyPath: m_LocalEulerAnglesHint.y
      value: 0
      objectReference: {fileID: 0}
    - target: {fileID: 6310406954990507019, guid: d5500de3e9968c3489f186b792d25860,
        type: 3}
      propertyPath: m_LocalEulerAnglesHint.z
      value: 0
      objectReference: {fileID: 0}
    m_RemovedComponents: []
  m_SourcePrefab: {fileID: 100100000, guid: d5500de3e9968c3489f186b792d25860, type: 3}
--- !u!4 &1029261532965103481 stripped
Transform:
  m_CorrespondingSourceObject: {fileID: 6310406954990507019, guid: d5500de3e9968c3489f186b792d25860,
    type: 3}
  m_PrefabInstance: {fileID: 6474973777351865202}
  m_PrefabAsset: {fileID: 0}
--- !u!1001 &6474973777967268240
PrefabInstance:
  m_ObjectHideFlags: 0
  serializedVersion: 2
  m_Modification:
    m_TransformParent: {fileID: 6474973776841290276}
    m_Modifications:
    - target: {fileID: 7625989603405697985, guid: 2e170b5b34ee006459380a212bb89121,
        type: 3}
      propertyPath: m_Name
      value: Multiplier (1)
      objectReference: {fileID: 0}
    - target: {fileID: 7625989603405697986, guid: 2e170b5b34ee006459380a212bb89121,
        type: 3}
      propertyPath: count
      value: 3
      objectReference: {fileID: 0}
    - target: {fileID: 7625989603405697988, guid: 2e170b5b34ee006459380a212bb89121,
        type: 3}
      propertyPath: m_RootOrder
      value: 9
      objectReference: {fileID: 0}
    - target: {fileID: 7625989603405697988, guid: 2e170b5b34ee006459380a212bb89121,
        type: 3}
      propertyPath: m_LocalScale.x
      value: 1.298427
      objectReference: {fileID: 0}
    - target: {fileID: 7625989603405697988, guid: 2e170b5b34ee006459380a212bb89121,
        type: 3}
      propertyPath: m_LocalScale.y
      value: 1.298427
      objectReference: {fileID: 0}
    - target: {fileID: 7625989603405697988, guid: 2e170b5b34ee006459380a212bb89121,
        type: 3}
      propertyPath: m_LocalScale.z
      value: 1.298427
      objectReference: {fileID: 0}
    - target: {fileID: 7625989603405697988, guid: 2e170b5b34ee006459380a212bb89121,
        type: 3}
      propertyPath: m_LocalPosition.x
      value: 0
      objectReference: {fileID: 0}
    - target: {fileID: 7625989603405697988, guid: 2e170b5b34ee006459380a212bb89121,
        type: 3}
      propertyPath: m_LocalPosition.y
      value: 0
      objectReference: {fileID: 0}
    - target: {fileID: 7625989603405697988, guid: 2e170b5b34ee006459380a212bb89121,
        type: 3}
      propertyPath: m_LocalPosition.z
      value: 0.15
      objectReference: {fileID: 0}
    - target: {fileID: 7625989603405697988, guid: 2e170b5b34ee006459380a212bb89121,
        type: 3}
      propertyPath: m_LocalRotation.w
      value: 1
      objectReference: {fileID: 0}
    - target: {fileID: 7625989603405697988, guid: 2e170b5b34ee006459380a212bb89121,
        type: 3}
      propertyPath: m_LocalRotation.x
      value: -0
      objectReference: {fileID: 0}
    - target: {fileID: 7625989603405697988, guid: 2e170b5b34ee006459380a212bb89121,
        type: 3}
      propertyPath: m_LocalRotation.y
      value: -0
      objectReference: {fileID: 0}
    - target: {fileID: 7625989603405697988, guid: 2e170b5b34ee006459380a212bb89121,
        type: 3}
      propertyPath: m_LocalRotation.z
      value: -0
      objectReference: {fileID: 0}
    - target: {fileID: 7625989603405697988, guid: 2e170b5b34ee006459380a212bb89121,
        type: 3}
      propertyPath: m_LocalEulerAnglesHint.x
      value: 0
      objectReference: {fileID: 0}
    - target: {fileID: 7625989603405697988, guid: 2e170b5b34ee006459380a212bb89121,
        type: 3}
      propertyPath: m_LocalEulerAnglesHint.y
      value: 0
      objectReference: {fileID: 0}
    - target: {fileID: 7625989603405697988, guid: 2e170b5b34ee006459380a212bb89121,
        type: 3}
      propertyPath: m_LocalEulerAnglesHint.z
      value: 0
      objectReference: {fileID: 0}
    - target: {fileID: 7625989603682037882, guid: 2e170b5b34ee006459380a212bb89121,
        type: 3}
      propertyPath: m_text
      value: 'x3

'
      objectReference: {fileID: 0}
    m_RemovedComponents: []
  m_SourcePrefab: {fileID: 100100000, guid: 2e170b5b34ee006459380a212bb89121, type: 3}
--- !u!4 &3463074030425526868 stripped
Transform:
  m_CorrespondingSourceObject: {fileID: 7625989603405697988, guid: 2e170b5b34ee006459380a212bb89121,
    type: 3}
  m_PrefabInstance: {fileID: 6474973777967268240}
  m_PrefabAsset: {fileID: 0}
--- !u!1001 &6474973778013406001
PrefabInstance:
  m_ObjectHideFlags: 0
  serializedVersion: 2
  m_Modification:
    m_TransformParent: {fileID: 6474973776841290276}
    m_Modifications:
    - target: {fileID: 8438719641622135362, guid: bb9383af9fb38c3458f44bc2984e8e8f,
        type: 3}
      propertyPath: m_RootOrder
      value: 2
      objectReference: {fileID: 0}
    - target: {fileID: 8438719641622135362, guid: bb9383af9fb38c3458f44bc2984e8e8f,
        type: 3}
      propertyPath: m_LocalPosition.x
      value: 0
      objectReference: {fileID: 0}
    - target: {fileID: 8438719641622135362, guid: bb9383af9fb38c3458f44bc2984e8e8f,
        type: 3}
      propertyPath: m_LocalPosition.y
      value: 0
      objectReference: {fileID: 0}
    - target: {fileID: 8438719641622135362, guid: bb9383af9fb38c3458f44bc2984e8e8f,
        type: 3}
      propertyPath: m_LocalPosition.z
      value: 0
      objectReference: {fileID: 0}
    - target: {fileID: 8438719641622135362, guid: bb9383af9fb38c3458f44bc2984e8e8f,
        type: 3}
      propertyPath: m_LocalRotation.w
      value: 1
      objectReference: {fileID: 0}
    - target: {fileID: 8438719641622135362, guid: bb9383af9fb38c3458f44bc2984e8e8f,
        type: 3}
      propertyPath: m_LocalRotation.x
      value: -0
      objectReference: {fileID: 0}
    - target: {fileID: 8438719641622135362, guid: bb9383af9fb38c3458f44bc2984e8e8f,
        type: 3}
      propertyPath: m_LocalRotation.y
      value: -0
      objectReference: {fileID: 0}
    - target: {fileID: 8438719641622135362, guid: bb9383af9fb38c3458f44bc2984e8e8f,
        type: 3}
      propertyPath: m_LocalRotation.z
      value: -0
      objectReference: {fileID: 0}
    - target: {fileID: 8438719641622135362, guid: bb9383af9fb38c3458f44bc2984e8e8f,
        type: 3}
      propertyPath: m_LocalEulerAnglesHint.x
      value: 0
      objectReference: {fileID: 0}
    - target: {fileID: 8438719641622135362, guid: bb9383af9fb38c3458f44bc2984e8e8f,
        type: 3}
      propertyPath: m_LocalEulerAnglesHint.y
      value: 0
      objectReference: {fileID: 0}
    - target: {fileID: 8438719641622135362, guid: bb9383af9fb38c3458f44bc2984e8e8f,
        type: 3}
      propertyPath: m_LocalEulerAnglesHint.z
      value: 0
      objectReference: {fileID: 0}
    - target: {fileID: 8438719641622135372, guid: bb9383af9fb38c3458f44bc2984e8e8f,
        type: 3}
      propertyPath: m_Name
      value: GamePool
      objectReference: {fileID: 0}
    m_RemovedComponents: []
  m_SourcePrefab: {fileID: 100100000, guid: bb9383af9fb38c3458f44bc2984e8e8f, type: 3}
--- !u!4 &3226794591366316403 stripped
Transform:
  m_CorrespondingSourceObject: {fileID: 8438719641622135362, guid: bb9383af9fb38c3458f44bc2984e8e8f,
    type: 3}
  m_PrefabInstance: {fileID: 6474973778013406001}
  m_PrefabAsset: {fileID: 0}
--- !u!1001 &9118390258502507582
PrefabInstance:
  m_ObjectHideFlags: 0
  serializedVersion: 2
  m_Modification:
    m_TransformParent: {fileID: 6474973776841290276}
    m_Modifications:
    - target: {fileID: 2832973041092383485, guid: 419cc14a2ce7d7f4dbf1b671b43d19ae,
        type: 3}
      propertyPath: m_Name
      value: Cannon
      objectReference: {fileID: 0}
    - target: {fileID: 2832973041092383487, guid: 419cc14a2ce7d7f4dbf1b671b43d19ae,
        type: 3}
      propertyPath: m_RootOrder
      value: 5
      objectReference: {fileID: 0}
    - target: {fileID: 2832973041092383487, guid: 419cc14a2ce7d7f4dbf1b671b43d19ae,
        type: 3}
      propertyPath: m_LocalPosition.x
      value: -11
      objectReference: {fileID: 0}
    - target: {fileID: 2832973041092383487, guid: 419cc14a2ce7d7f4dbf1b671b43d19ae,
        type: 3}
      propertyPath: m_LocalPosition.y
      value: 0
      objectReference: {fileID: 0}
    - target: {fileID: 2832973041092383487, guid: 419cc14a2ce7d7f4dbf1b671b43d19ae,
        type: 3}
      propertyPath: m_LocalPosition.z
      value: -24
      objectReference: {fileID: 0}
    - target: {fileID: 2832973041092383487, guid: 419cc14a2ce7d7f4dbf1b671b43d19ae,
        type: 3}
      propertyPath: m_LocalRotation.w
      value: 1
      objectReference: {fileID: 0}
    - target: {fileID: 2832973041092383487, guid: 419cc14a2ce7d7f4dbf1b671b43d19ae,
        type: 3}
      propertyPath: m_LocalRotation.x
      value: 0
      objectReference: {fileID: 0}
    - target: {fileID: 2832973041092383487, guid: 419cc14a2ce7d7f4dbf1b671b43d19ae,
        type: 3}
      propertyPath: m_LocalRotation.y
      value: 0
      objectReference: {fileID: 0}
    - target: {fileID: 2832973041092383487, guid: 419cc14a2ce7d7f4dbf1b671b43d19ae,
        type: 3}
      propertyPath: m_LocalRotation.z
      value: 0
      objectReference: {fileID: 0}
    - target: {fileID: 2832973041092383487, guid: 419cc14a2ce7d7f4dbf1b671b43d19ae,
        type: 3}
      propertyPath: m_LocalEulerAnglesHint.x
      value: 0
      objectReference: {fileID: 0}
    - target: {fileID: 2832973041092383487, guid: 419cc14a2ce7d7f4dbf1b671b43d19ae,
        type: 3}
      propertyPath: m_LocalEulerAnglesHint.y
      value: 0
      objectReference: {fileID: 0}
    - target: {fileID: 2832973041092383487, guid: 419cc14a2ce7d7f4dbf1b671b43d19ae,
        type: 3}
      propertyPath: m_LocalEulerAnglesHint.z
      value: 0
      objectReference: {fileID: 0}
    m_RemovedComponents: []
  m_SourcePrefab: {fileID: 100100000, guid: 419cc14a2ce7d7f4dbf1b671b43d19ae, type: 3}
--- !u!4 &6474973778106207937 stripped
Transform:
  m_CorrespondingSourceObject: {fileID: 2832973041092383487, guid: 419cc14a2ce7d7f4dbf1b671b43d19ae,
    type: 3}
  m_PrefabInstance: {fileID: 9118390258502507582}
  m_PrefabAsset: {fileID: 0}
